<record><leader>00000cas a2200000 a 4500</leader><controlfield tag="001">13108661</controlfield><controlfield tag="008">860205u1930uuuucauwr ne      0    0eng d</controlfield><datafield ind1=" " ind2=" " tag="010"><subfield code="a">sn 86063239 </subfield></datafield><datafield ind1=" " ind2=" " tag="040"><subfield code="a">KSH</subfield><subfield code="b">eng</subfield><subfield code="c">KSH</subfield><subfield code="d">NPT</subfield><subfield code="d">OCL</subfield><subfield code="d">OCLCQ</subfield></datafield><datafield ind1=" " ind2=" " tag="042"><subfield code="a">msc</subfield></datafield><datafield ind1="0" ind2=" " tag="130"><subfield code="a">Booster (Porterville, Calif.)</subfield></datafield><datafield ind1="1" ind2="4" tag="245"><subfield code="a">The booster.</subfield></datafield><datafield ind1="1" ind2="3" tag="246"><subfield code="a">Porterville booster</subfield><subfield code="f">May 27, 1930-&lt;Oct. 16, 1931&gt;</subfield></datafield><datafield ind1=" " ind2=" " tag="260"><subfield code="a">Porterville, Calif. :</subfield><subfield code="b">C.B. Remsburg,</subfield><subfield code="c">1930-</subfield></datafield><datafield ind1=" " ind2=" " tag="300"><subfield code="a">v. ;</subfield><subfield code="c">55 cm.</subfield></datafield><datafield ind1=" " ind2=" " tag="310"><subfield code="a">Weekly,</subfield><subfield code="b">May 19, 1931-</subfield></datafield><datafield ind1=" " ind2=" " tag="321"><subfield code="a">Semiweekly,</subfield><subfield code="b">Apr. 29, 1930-May 5, 1931</subfield></datafield><datafield ind1="0" ind2=" " tag="362"><subfield code="a">Vol. 1, no. 1 (Apr. 29, 1930)-</subfield></datafield><datafield ind1=" " ind2=" " tag="752"><subfield code="a">United States</subfield><subfield code="b">California</subfield><subfield code="c">Tulare</subfield><subfield code="d">Porterville.</subfield></datafield><datafield ind1="1" ind2=" " tag="029"><subfield code="a">AU@</subfield><subfield code="b">000022167581</subfield></datafield></record>